@online{PSECu,
	title = {Technical data for Copper},
	date = {2015-06-30},
	url = {http://periodictable.com/Elements/029/data.html},
}

@article{Ganesan86,
	author = {V. Ganesan{,}  K. S. Girirajan},
	title = {Lattice parameter and thermal expansion of CsCl and CsBr by x-ray powder diffraction. I. Thermal expansion of CsCl from room temperature  to 90 °K },
	journaltitle = {J. Phys. 27},
	date = {1986-09-03},
	OPTurl = {http://web.stevens.edu/e344/27_fall_2012/core/section_4/z_Book%20stuff_4_Ceramics/CsClLatticeParameter.pdf},
	OPTurldate = {2015-07-05},
}

@online{NIST,
	title = {The NIST Reference on Constants, Units },		
	OPTsubtitle = {electron g factor},
	url =
	{http://physics.nist.gov/cgi-bin/cuu/Value?gem},
	urldate = {2015-07-13},
}

@online{XCOM,
	title = {XCOM: Photon Cross Sections Database},		
	url =
	{http://physics.nist.gov/PhysRefData/Xcom/html/xcom1.html},
	urldate = {2015-11-09},
}

@online{WEBElements,
	title = {WebElements Periodic Table: the periodic table on the web},		
	url =
	{http://www.webelements.com},
	urldate = {2015-11-09},
}

@online{ChemMaster,
	title = {chemie-master.de - Webseite für den Chemieunterricht},		
	url =
	{http://www.chemie-master.de/FrameHandler.php?loc=http://www.chemie-master.de/lex/dichtetab.html},
	urldate = {2015-11-09},
}


@online{MDC,
	title = {Material Data Center Datenblatt für Delrin},		
	url =
	{http://www.materialdatacenter.com/ms/de/Delrin/DuPont/Delrin%C2%AE+100+BK602/eaa55044/791},
	urldate = {2015-11-09},
}



@online{GGU,
	title = {Die Geomagnetik},		
	url = {http://www.ggukarlsruhe.de/Messverfahren_Geophysik_zersto/Geomagnetik_Magnetik_Erdmagnet/hauptteil_geomagnetik_magnetik_erdmagnet.html},
	urldate = {2016-02-22},
}
@online{GFZ,
	title = {Magnetische Inklination},		
	url = {http://www.gfz-potsdam.de/sektion/erdmagnetfeld/infrastruktur/deutsche-saekularpunktmessungen/inklination/},
	urldate = {2016-02-22},
}

@online{Gar07,
	title = {Bachelorarbeit zum Thema Solarzellen},		
	url = {http://www.solalbert.info/downloads/files/BachelorarbeitSolarzellen.pdf},
	urldate = {2014-06-09},
}


@online{FranckHertz14,
	title = {Auszug aus: Über Zusammenstöße zwischen Elektronen und den Molekülen des Quecksilberdampfes
	und die Ionisierungsspannung  desselben},		
	author = {James Franck{,} Gustav Hertz},
	url = {http://www.dpg-physik.de/presse/veranstaltungen/tagungen/2014/pdf/Franck-Hertz-Experiment-VH1914.pdf},
	urldate = {2014-05-19},
}

@online{NuklidKarte_Rh,
	title = {Interactive Chart of Nuclides: Rhodium},
	author= {National Nuclear Data Center},		
	url = {http://www.nndc.bnl.gov/chart/reCenter.jsp?z=45&n=59},
	urldate = {2014-05-30},
}

@online{NuklidKarte_In,
	title = {Interactive Chart of Nuclides: Indium},
	author= {National Nuclear Data Center},		
	url = {http://www.nndc.bnl.gov/chart/reCenter.jsp?z=49&n=67},
	urldate = {2014-05-30},
}

@book{Demtroeder07,
	author = {Wolfgan Demtröder},
	title = {Laserspektroskopie},
	date = {2007},
	edition = {5},
	location = {Berlin, Heidelberg: Springer-Verlag},
}


@book{Kuchling07,
	author = {Horst Kuchling},
	title = {Taschenbuch der Physik},
	date = {2007},
	edition = {19},
	location = {Fachbuchverlag Leibzig im Carl Hanser Verlag München},
}
@book{Metzler07,
	author = {Joachim Grehn {,} Joachim Krause},
	title = {Metzler Physik},
	date = {2007},
	edition = {4},
	location = {Bildungshaus Schulbuchverlage},
}


@book{Mende09,
	author = {Dietmar Mende{,} Günther Simon},
	title = {Physik},
	date = {2009},
	subtitle = {Gleichungen und Tabellen},
	edition = {16},
	location = {Fachbuchverlag Leibzig im Carl Hanser Verlag München},
}

@book{Bortz10,
	author = {Jürgen Bortz{,} Christof Schuster},
	title = {Statistik für Human- und Sozialwissenschaftler},
	date = {2010},
	edition = {7},
	location = {Springer-Verlag Berlin Heidelberg},
}

@book{Kohlrausch96,
	author = {W. Albers},
	title = {Praktische Physik Band 3},
	date = {2009},
	%subtitle = {Gleichungen und Tabellen},
	%OPTtitleaddon = {titleaddon},
	%OPTedition = {edition},
	edition = {24},
	location = {B.G. Teubner Stuttgart},
}

@book{Pfeifer13,
	author = {Pfeiffer Vacuum GmbH},
	title = {The Vacuum Technology Book Volume II},
	date = {2013},
	%subtitle = {Gleichungen und Tabellen},
	%OPTtitleaddon = {titleaddon},
	%OPTedition = {edition},
	edition = {2},
	location = {Pfeiffer Vacuum GmbH Asslar},
}
@manual{DatenblattV70,
	title = {Datenblätter},
	subtitle = {Pirani-Messgerät, Heißkathodenmessgerät, Turbopumpe} ,
	note = {Am Praktikumsort ausliegend},
}
@manual{PlaketteV70,
	title = {Datenplakette},
	subtitle = {Drehschieberpumpe} ,
	note = {Auf Drehschieberpumpe angebracht},
}



@misc{SciPy,
title = {SciPy},
url = {http://docs.scipy.org/doc/},
urldate = {2016-10-24},
author = {SciPy developers},
}

@manual{V201,
title = {Versuchsanleitung},
subtitle = {V201 Dulong-Petitsches Gesetz} ,
url = {http://129.217.224.2/HOMEPAGE/PHYSIKER/BACHELOR/AP/SKRIPT/V201.pdf},
}

@manual{V203,
title = {Versuchsanleitung},
subtitle = {V203 Verdampfungswärme und Dampfdruck-Kurve},
url = {http://129.217.224.2/HOMEPAGE/PHYSIKER/BACHELOR/AP/SKRIPT/V203.pdf},
}

@manual{V206,
title = {Versuchsanleitung},
subtitle = {V206 Wärmepumpe} ,
url = {http://129.217.224.2/HOMEPAGE/PHYSIKER/BACHELOR/AP/SKRIPT/V206.pdf},
}

@manual{V500,
title = {Versuchsanleitung},
subtitle = {V501 Photoeffekt} ,
url = {http://129.217.224.2/HOMEPAGE/PHYSIKER/BACHELOR/AP/SKRIPT/V500.pdf},
urldate = {2014-05-09},
}
@manual{V501,
title = {Versuchsanleitung},
subtitle = {V501 Elektronen im elektrischen Feld} ,
url = {http://129.217.224.2/HOMEPAGE/PHYSIKER/BACHELOR/AP/SKRIPT/V501.pdf},
urldate = {2014-04-23},
}

@manual{V502,
title = {Versuchsanleitung},
subtitle = {V502 Elektronen im Magnetfeld} ,
url = {http://129.217.224.2/HOMEPAGE/PHYSIKER/BACHELOR/AP/SKRIPT/V502.pdf},
urldate = {2014-04-23},
}

@manual{V503,
title = {Versuchsanleitung},
subtitle = {V503 Der Millikan-Versuch} ,
url = {http://129.217.224.2/HOMEPAGE/PHYSIKER/BACHELOR/AP/SKRIPT/Millikan.pdf},
urldate = {2014-06-19},
}

@manual{V302,
title = {Versuchsanleitung},
subtitle = {V302 Elektrische Bückenschaltungen} ,
url = {http://129.217.224.2/HOMEPAGE/PHYSIKER/BACHELOR/AP/SKRIPT/V302.pdf},
}

@manual{V355,
title = {Versuchsanleitung},
subtitle = {V355 Gekoppelte Schwingkreise} ,
url = {http://129.217.224.2/HOMEPAGE/PHYSIKER/BACHELOR/AP/SKRIPT/V355.pdf},
urldate = {2014-01-16},
}

@manual{V104,
title = {Versuchsanleitung},
subtitle = {V104 Der Doppler-Effekt} ,
url = {http://129.217.224.2/HOMEPAGE/PHYSIKER/BACHELOR/AP/SKRIPT/V104.pdf},
urldate = {2014-01-30},
}


@manual{V601,
title = {Versuchsanleitung},
subtitle = {V701 Franck-Hertz-Versuch} ,
url = {http://129.217.224.2/HOMEPAGE/PHYSIKER/BACHELOR/AP/SKRIPT/V601.pdf},
urldate = {2014-05-18},
}

@manual{V701,
title = {Versuchsanleitung},
subtitle = {V701 Reichweite von Alphastrahlung} ,
url = {http://129.217.224.2/HOMEPAGE/PHYSIKER/BACHELOR/AP/SKRIPT/V701.pdf},
urldate = {2014-04-21},
}
@manual{V702,
title = {Versuchsanleitung},
subtitle = {V702 Aktivierung mit Neutronen},
url = {http://129.217.224.2/HOMEPAGE/PHYSIKER/BACHELOR/AP/SKRIPT/V702.pdf},
urldate = {2014-06-26},
}
@manual{V703,
title = {Versuchsanleitung},
subtitle = {V703 Geiger-Müller-Zählrohr} ,
url = {http://129.217.224.2/HOMEPAGE/PHYSIKER/BACHELOR/AP/SKRIPT/V703.pdf},
urldate = {2014-06-26},
}

@manual{NHV1,
title = {Versuchsanleitung},
subtitle = {NHV1: Die Solarzelle} ,
url = {http://129.217.224.2/HOMEPAGE/PHYSIKER/BACHELOR/AP/SKRIPT/SolarzelleMP.pdf},
urldate = {2014-06-07},
}

@manual{V61,
title = {Versuchsanleitung},
subtitle = {V61: Der HeNe-Laser} ,
url = {http://129.217.224.2/HOMEPAGE/PHYSIKER/BACHELOR/FP/SKRIPT/V61.pdf},
urldate = {2015-05-06},
author = {Bärbel Sigmann},
}

@manual{V70,
title = {Versuchsleitfaden},
subtitle = {Kurzer Leitfaden zum Vakuumversuch V70} ,
url = {http://129.217.224.2/HOMEPAGE/PHYSIKER/BACHELOR/FP/SKRIPT/LeitfadenV70.pdf},
urldate = {2015-05-12},
author = {Detlev Schirmer},
}

@manual{V53,
title = {Versuchsanleitung},
subtitle = {Experimente mit Mikrowellen 1} ,
url = {http://129.217.224.2/HOMEPAGE/PHYSIKER/BACHELOR/FP/SKRIPT/V54.pdf},
urldate = {2015-06-24},
author = {Philips},
}

@manual{V41,
title = {Versuchsanleitung},
subtitle = {Dybe-Scherrer-Aufnahmen} ,
url = {http://129.217.224.2/HOMEPAGE/PHYSIKER/BACHELOR/FP/SKRIPT/V41.pdf},
urldate = {2015-06-15},
author = {Bärbel Sigmann},
}

@manual{V28,
title = {Versuchsanleitung},
subtitle = {Elektronen-Spin-Resonanz} ,
url = {http://129.217.224.2/HOMEPAGE/PHYSIKER/BACHELOR/FP/SKRIPT/ESR.pdf},
urldate = {2015-07-13},
author = {Bärbel Sigmann},
}

@manual{V14,
	title = {Versuchsanleitung},
	subtitle = {Tomographie mit Gamma-Strahlen} ,
	url = {http://129.217.224.2/HOMEPAGE/PHYSIKER/MASTER/SKRIPT/MTomographie.pdf},
	urldate = {2015-11-09},
	author = {Bärbel Sigmann},
}

@manual{V59,
	title = {Versuchsanleitung},
	subtitle = {Modulation und Demodulation elektrischer Schwingungen} ,
	url = {http://129.217.224.2/HOMEPAGE/PHYSIKER/MASTER/SKRIPT/V59.pdf},
	urldate = {2015-11-20},
	author = {Bärbel Sigmann},
}

@manual{V21,
	title = {Versuchsanleitung},
	subtitle = {Optisches Pumpen} ,
	url = {http://129.217.224.2/HOMEPAGE/PHYSIKER/MASTER/SKRIPT/V21n_TeachSpin_new.pdf},
	urldate = {2016-02-16},
	author = {Bärbel Sigmann},
}

@manual{V60,
	title = {Versuchsanleitung},
	subtitle = {Diodenlaser} ,
	url = {http://129.217.224.2/HOMEPAGE/PHYSIKER/MASTER/SKRIPT/Diodenl.pdf},
	urldate = {2016-04-15},
	author = {Bärbel Sigmann},
}

@manual{V51,
	title = {Versuchsanleitung},
	subtitle = {Der Operationsverstärker} ,
	url = {http://129.217.224.2/HOMEPAGE/PHYSIKER/MASTER/SKRIPT/V51.pdf},
	urldate = {2016-05-23},
	author = {Bärbel Sigmann},
}
@manual{V27,
	title = {Versuchsanleitung},
	subtitle = {Der Zeeman-Effekt} ,
	url = {http://129.217.224.2/HOMEPAGE/PHYSIKER/MASTER/SKRIPT/V27.pdf},
	urldate = {2016-10-18},
	author = {Bärbel Sigmann},
}